@phdthesis{guyer,
  author	= "Samuel Guyer",
	title 	= "Incorporating Domain-Specific Information into the Compilation
    Process",
	year	= "2003",
  school = "University of Texas at Austin",
	note = "\url{http://www.cs.tufts.edu/~sguyer/publications/thesis.pdf}"
}

@manual{llvmprogdoc,
  author = "Dinakar Dhurjati and Chris Lattner",
  title = "LLVM Programmer's Manual",
  month = "November",
  year = "2011",
  note =
    "\url{http://llvm.org/docs/ProgrammersManual.html#datastructure}"
}

@article{cc06,
  author = "Teck Bok Tok, Samuel Guyer, and Calvin Lin",
  journal = "",
  year = "2006",
  title = "Efficient {F}low-{S}ensitive {I}nterprocedural {D}ata-{F}low {A}nalysis in the
    {P}resence of {P}ointers",
  note = "\url{www.cs.utexas.edu/~lin/papers/cc06.pdf}"
}

@manual{aliasanalysis,
  author = "Chris Lattner",
  title = "LLVM Alias Analysis Infrastructure",
  month = "October",
  year = "2011",
  note =
    "\url{http://llvm.org/docs/AliasAnalysis.html}"
}

