%% This BibTeX bibliography file was created using BibDesk.
%% http://bibdesk.sourceforge.net/


%% Created for Andy Luong at 2011-12-13 05:38:20 -0600 


%% Saved with string encoding Unicode (UTF-8) 



@inproceedings{Guyer1999,
	Acmid = {1267940},
	Address = {Berkeley, CA, USA},
	Author = {Guyer, Samuel Z. and Lin, Calvin},
	Booktitle = {Proceedings of the 2nd conference on Conference on Domain-Specific Languages - Volume 2},
	Date-Added = {2011-12-13 11:37:56 +0000},
	Date-Modified = {2011-12-13 11:38:16 +0000},
	Location = {Austin, Texas},
	Numpages = {1},
	Pages = {4--4},
	Publisher = {USENIX Association},
	Series = {DSL'99},
	Title = {An annotation language for optimizing software libraries},
	Url = {http://dl.acm.org/citation.cfm?id=1267936.1267940},
	Year = {1999},
	Bdsk-Url-1 = {http://dl.acm.org/citation.cfm?id=1267936.1267940}}

@phdthesis{bdwythesis,
	Author = {Samuel Guyer},
	Date-Added = {2011-12-12 22:19:53 +0000},
	Date-Modified = {2011-12-13 11:22:29 +0000},
	School = {The University of Texas at Austin},
	Title = {Incorporating Domain-Specific Information into the Compilation Process},
	Year = {2003}}
